@inproceedings{Abadi:POPL90,
    author = "Mart\'{\i}n Abadi and Luca Cardelli and Pierre-Louis Curien and Jean-Jacques L\`{e}vy",
    title = "Explicit Substitutions",
    booktitle = "Conference Record of the Seventeenth Annual {ACM} Symposium on Principles of Programming Languages, San Francisco, California",
    publisher = "ACM",
    pages = "31--46",
    year = "1990",
    url = "citeseer.nj.nec.com/abadi91explicit.html" }

@inproceedings{AppelFelten99,
    author = "Andrew W. Appel and Edward W. Felten",
    title = "Proof-Carrying Authentication",
    booktitle = "{ACM} Conference on Computer and Communications Security",
    pages = "52-62",
    year = "1999",
    url = "citeseer.nj.nec.com/appel99proofcarrying.html" }

@InProceedings{AppelFelty00,
  author = 	 {W.~Appel and Amy P.~Felty},
  title = 	 {A Semantic Model of Types and Machine Instructions for Proof-Carrying Code},
  booktitle = 	 {27th ACM SIGPLAN-SIGACT Symposium on Principles of Programming Languages (POPL '00)},
  OPTcrossref =  {},
  OPTkey = 	 {},
  pages = 	 {243-253},
  year = 	 {Jan. 2000},
  OPTeditor = 	 {},
  OPTvolume = 	 {},
  OPTnumber = 	 {},
  OPTseries = 	 {},
  OPTaddress = 	 {},
  OPTmonth = 	 {},
  OPTorganization = {},
  OPTpublisher = {},
  OPTnote = 	 {},
  OPTannote = 	 {}
}

@InProceedings{Appel01lics,
  author = 	 {Andrew Appel},
  title = 	 {Foundational Proof-Carrying Code},
  booktitle = 	 {Proceedings of the 16th Annual Symposium on
                  Logic in Computer Science (LICS'01)},
  pages =	 {247--256},
  year =	 2001,
  editor =	 {J. Halpern},
  month =	 jun,
  publisher =	 {IEEE Computer Society Press},
  note =         {Invited Talk},
  keywords =     "PCC, LF, Elf"
}

@InProceedings{Crary:POPL03,
  author = 	 {Karl Crary},
  title = 	 {Toward a Foundational Typed Assembly Language},
  booktitle = 	 {30th ACM Symposiumn on Principles of Programming Languages (POPL)},
  OPTcrossref =  {},
  OPTkey = 	 {},
  publisher =    {ACM-Press},
  pages = 	 {198-212},
  year = 	 {2003},
  address = 	 {New Orleans, Louisisana},
  month = 	 {January},
  OPTorganization = {},
  OPTnote = 	 {},
  OPTannote = 	 {proof-carrying code, certified code}
}

@PhdThesis{bauer:thesis,
  author = 	 {Lujo Bauer},
  title = 	 {Access Control for the {W}eb via Proof-carrying Authorization},
  school = 	 {Princeton University},
  year = 	 {2003},
  month = 	 nov,
  url =          {http://www.ece.cmu.edu/~lbauer/papers/thesis.pdf}
}



@inproceedings{Crary:CADE03,
 author = "Karl Crary and Susmit Sarkar",
 title = "Foundational Certified Code in a Metalogical Framework",
 booktitle = "19th International Conference on Automated Deduction",
 year = 2003,
 address = "Miami, Florida, USA",
 note = "Extended version published as CMU technical report CMU-CS-03-108",
}

@inproceedings{Davies+ICFP00,
  author = 	 "Rowan Davies and Frank Pfenning",
  title = 	 "Intersection Types and Computational Effects",
   OPTcrossref =  "",
  OPTkey = 	 "",
  booktitle =	 "Proceedings of the International Conference on Functional Programming (ICFP 2000), Montreal, Canada", 
  year =	 "2000",
  OPTvolume =	 "",
  OPTseries    =    "",
  publisher =    "ACM Press",
  pages     =    "198--208",		  
  OPTmonth = 	 "",
  OPTnote = 	 "",
  OPTannote = 	 "",
  keywords =     "refinement types"
}

@Book{Graf+Book95,
  author = 	 "Peter Graf",
  title = 	 "Term Indexing",
  publisher = 	 "Springer-Verlag",
  year = 	 "1995",
  OPTkey = 	 "",
  volume = 	 "1053",
  OPTnumber = 	 "1053",
  series = 	 "Lecture Notes in Artificial Intelligence",
  OPTaddress = 	 "",
  OPTedition = 	 "",
  OPTmonth = 	 "",
  OPTnote = 	 "",
  OPTannote = 	 "Path indexing, substitution trees, discrimination trees, overview"
}

@InProceedings{Graf+rta95,
  author = 	 "Peter Graf",
  title = 	 "Substitution Tree Indexing",
  OPTcrossref =  "",
  OPTkey = 	 "",
  OPTeditor = 	 "",
  OPTvolume = 	 "",
  OPTnumber = 	 "",
  series =	 "Lecture Notes in Computer Science (LNCS) 914",
  pages =	 "117-131",
  booktitle =	 RTA95,
  year =	 "1995",
  OPTorganization = "",
  publisher =	 "Springer-Verlag",
  OPTaddress = 	 "",
  OPTmonth = 	 "",
  OPTnote = 	 "",
  OPTannote = 	 "",
  keywords =     "index, substitution trees"
}

@article{Harper93jacm,
author  =       "Robert Harper and Furio Honsell and Gordon Plotkin" ,
title   =       "A Framework for Defining Logics" ,
journal =       "Journal of the Association for Computing Machinery" ,
volume  =       "40",
number  =       "1",
month   =       "January",
year    =       1993,
pages   =       "143--184"
}		  

@Article{Huet75,
  author =      "G\'{e}rard Huet",
  title =       "A Unification Algorithm for Typed $\lambda$-Calculus",
  journal =     "Theoretical Computer Science",
  volume =      "1",
  year =        "1975",
  pages =       "27--57",
  keywords =    "unification"
}

@Inproceedings{Miller91iclp,
  Author = "Dale Miller",
  Title = "Unification of Simply Typed Lambda-Terms as Logic
Programming",
  Editors = "Koichi Furukawa",
  Booktitle = "Eighth International Logic Programming Conference",
  Address = "Paris, France",
  Publisher = "MIT Press",
  Month = "June",
  Year = "1991",
  Pages = "255-269"}


@Article{Miller91jlc,
  author =      "Dale Miller",
  title =       "A Logic Programming Language with Lambda-Abstraction,
                  Function Variables, and Simple Unification",
  journal =     "Journal of Logic and Computation",
  volume =      "1",
  number =      "4",
  pages =       "497--536",
  year =        "1991",
  urldvi =      "file://ftp.cis.upenn.edu/pub/papers/miller/jlc91.dvi.Z",
  keywords =    "lambda-Prolog, pattern unification"
}

		  
@Article{Miller91apal,
  author =      "Dale Miller and Gopalan Nadathur and Frank Pfenning and
                  Andre Scedrov",
  title =       "Uniform Proofs as a Foundation for Logic Programming",
  journal =     "Annals of Pure and Applied Logic",
  year =        "1991",
  volume =      "51",
  pages =       "125-157",
  urldvi =      "file://ftp.cis.upenn.edu/pub/papers/miller/apal91.dvi.Z",
  keywords =    "lambda-Prolog"
}

@Article{Miller92jsc,
  author =      "Dale Miller",
  title =       "Unification under a Mixed Prefix",
  year =        1992,
  journal =     "Journal of Symbolic Computation",
  pages =       "321--358",
  volume =      "14",
  urldvi =      "file://ftp.cis.upenn.edu/pub/papers/miller/jsc92.dvi.Z",
  keywords =    "unification"
}

		  
@InProceedings{Nadathur88,
  author =      "Gopalan Nadathur and Dale Miller",
  title =       "An Overview of {$\lambda$Prolog}",
  editor =      "Kenneth A. Bowen and Robert A. Kowalski",
  booktitle =   "Fifth International Logic Programming Conference",
  address =     "Seattle, Washington",
  publisher =   "MIT Press",
  pages =       "810--827",
  month =       aug,
  year =        1988,
  keywords =    "lambda-Prolog"
}

@TechReport{Nadathur93trb,
  author =      "Gopalan Nadathur and Bharat Jayaraman and Debra Sue Wilson",
  title =       "Implementation Considerations for Higher-Order Features in
                  Logic Programming",
  month =       jun,
  year =        1993,
  institution = "Department of Computer Science, Duke University",
  number =      "CS-1993-16",
  urldvi =      "http://cs-www.uchicago.edu/~gopalan/papers/hoimp.dvi.Z",
  keywords =    "lambda-Prolog"
}

@InProceedings{Nadathur99cade,
  author =       "Gopalan Nadathur and Dustin J. Mitchell",
  title =        "System Description: {Teyjus} -- A Compiler and Abstract
                  Machine Based Implementation of {L}ambda {P}rolog",
  editor =       "H. Ganzinger",
  pages =        "287--291",
  booktitle =    "Proceedings of the 16th International Conference on
                  Automated Deduction (CADE-16)",
  year =         1999,
  publisher =    "Springer-Verlag LNCS",
  address =      "Trento, Italy",
  month =        jul,
  keywords =     "lambda-Prolog"
}


@inproceedings{Necula+01:oracle,
    author = "G. Necula and S. Rahul",
    title = "Oracle-based checking of untrusted software",
    booktitle = "28th ACM Symposium on Principles of
    Programming Languages (POPL'01)",
    year = "2001",
    pages = "142-154",
    url = "citeseer.nj.nec.com/necula01oraclebased.html"
}		  


@PhdThesis{Necula98phd,
  author =       "George C. Necula",
  title =        "Compiling with Proofs",
  school =       "Carnegie Mellon University",
  year =         "1998",
  month =        oct,
  note =         "Available as Technical Report CMU-CS-98-154",
  urlabstract =  "http://reports-archive.adm.cs.cmu.edu/anon/1998/abstracts/98-154.html",
  urlps =        "http://reports-archive.adm.cs.cmu.edu/anon/1998/CMU-CS-98-154.ps",
  urlpdf =       "http://reports-archive.adm.cs.cmu.edu/anon/1998/CMU-CS-98-154.pdf",
  keywords =     "lf, pcc",
}

@InProceedings{Necula:POPL97,
  author = 	 "George C. Necula",
  title = 	 "Proof-carrying Code",
  booktitle =	 "Proceedings of the 24th Annual Symposium on Principles of Programming Languages(POPL'97)",
  editor =       "",
  pages =	 "106--119",
  year =	 1997,
  publisher =	 "",
  address =	 "Paris, France",
  month =	 "January",
  keywords =     "PCC, LF, Elf"
}


@InProceedings{Necula98lics,
  author = 	 "George C. Necula and Peter Lee",
  title = 	 "Efficient Representation and Validation of Logical Proofs",
  booktitle =	 "Proceedings of the 13th Annual Symposium on Logic in
		  Computer Science (LICS'98)",
  editor =       "Vaughan Pratt",
  pages =	 "93--104",
  year =	 1998,
  publisher =	 "IEEE Computer Society Press",
  address =	 "Indianapolis, Indiana",
  month =	 jun,
  keywords =     "PCC, LF, Elf"
}



@InCollection{NeculaLee+97:resource,
  author =       "George C. Necula and Peter Lee",
  title =        "Safe, Untrusted Agents using Proof-Carrying Code",
  booktitle =    "Mobile Agents and Security",
  publisher =    "Springer-Verlag LNCS 1419",
  year =         "1998",
  editor =       "Giovanni Vigna",
  month =        aug,
  pages =        "61--91",
  urlps =        "http://www.cs.berkeley.edu/~necula/lncs98.ps.gz",
  keywords =     "pcc, resource bounds",
}


@Article{Paulson86,
  author =      "Lawrence C. Paulson",
  title =       "Natural Deduction as Higher-order Resolution",
  journal =     "Journal of Logic Programming",
  volume =      3,
  pages =       "237--258",
  year =        1986,
  urldvi =      "http://www.cl.cam.ac.uk/Research/Reports/TR082-lcp-higher-order-resolution.dvi.gz",
  keywords =    "Isabelle"
}

@InProceedings{Pfenning91lics,
  author =      "Frank Pfenning",
  title =       "Unification and Anti-Unification in the {Calculus} of
                  {Constructions}",
  booktitle =   "Sixth Annual {IEEE} Symposium on Logic in Computer Science",
  address =     "Amsterdam, The Netherlands",
  month =       jul,
  year =        "1991",
  pages =       "74--85",
  urldvi =      "http://www.cs.cmu.edu/~fp/papers/lics91.dvi.gz",
  urlps =       "http://www.cs.cmu.edu/~fp/papers/lics91.ps.gz",
  keywords =    "LF, Elf, unification"
}


@InProceedings{Pfenning91lf,
  author =      "Frank Pfenning",
  title =       "Logic Programming in the {LF} Logical Framework",
  booktitle =   "Logical Frameworks",
  editor =      "G\'{e}rard Huet and Gordon Plotkin",
  publisher =   "Cambridge University Press",
  pages =       "149--181",
  year =        "1991",
  keywords =    "LF, Elf"
}

@Misc{Pfenning97,
  author = 	 "Frank Pfenning",
  title = 	 "Computation and Deduction",
  institution =  "Course Notes - Carnegie Mellon University",
  year = 	 "1997",
  OPTkey = 	 "",
  OPTtype = 	 "",
  OPTaddress = 	 "",
  OPTmonth = 	 "",
  OPTnote = 	 "",
  OPTannote = 	 ""
}		  
		  
@InProceedings{Pfenning99cade,
  author =       "Frank Pfenning and Carsten Sch{\"u}rmann",
  title =        "System Description: Twelf --- A Meta-Logical Framework for
                  Deductive Systems",
  editor =       "H. Ganzinger",
  pages =        "202--206",
  booktitle =    "Proceedings of the 16th International Conference on
                  Automated Deduction (CADE-16)",
  year =         1999,
  publisher =    "Springer-Verlag Lecture Notes in Artificial Intelligence (LNAI) 1632",
  address =      "Trento, Italy",
  month =        jul,
  keywords =     "LF, Elf",
  urlps =        "http://www.cs.cmu.edu/~fp/papers/cade99.ps.gz"
}

@PhdThesis{Pientka03phd,
  author =       "Brigitte Pientka",
  title =        "Tabled higher-order logic programming",
  school =       "Dept. of Computer Sciences, Carnegie Mellon
                  University",  
  year =         "Dec 2003",
  note =	 "CMU-CS-03-185",
  keywords =     "LF, Elf"
}

@InProceedings{PientkaPfenning:CADE03,
  author = 	 "Brigitte Pientka and Frank Pfennning",
  title = 	 "Optimizing higher-order pattern unification",
  editor =       "F.~Baader",
  booktitle = 	 "19th International Conference on Automated Deduction, Miami, USA",
  series = 	 "Lecture Notes in Artificial  Intelligence (LNAI) 2741",
  year = 	 "July 2003",
  publisher    = "Springer-Verlag",
pages = "473--487"
}		  		  

@InProceedings{Pientka:ICLP03,
  author =       "Brigitte Pientka",
  title =        "Higher-order substitution tree indexing",
  editor =       "C.~Palamidessi",
  booktitle =    "19th International Conference on Logic Programming,
Mumbai, India",
  series =       "Lecture Notes in Computer Science (LNCS 2916)",
  year =         2003,
  publisher    = "Springer-Verlag",
  pages =     "377--391"
}

@InProceedings{Pientka:LFM02,
  author = 	 "Brigitte Pientka",
  title = 	 "Memoization-based proof search in {LF}: an experimental evaluation of a prototype",
  booktitle = 	 "Third International Workshop on Logical Frameworks and Meta-Languages (LFM'02), Copenhagen, Denmark",
  series =       "Electronic Notes in Theoretical Computer Science (ENTCS)",  
  year = 	 2002
}		  		  

@InProceedings{Pientka:ICLP02,
  author = 	 "Brigitte Pientka",
  title = 	 "A proof-theoretic foundation for tabled higher-order logic programming",
  editor =       "P.~Stuckey",
  booktitle = 	 "18th International Conference on Logic Programming, Copenhagen, Denmark",
  series = 	 "Lecture Notes in Computer Science (LNCS), 2401",
  year = 	 2002,
  publisher    = "Springer-Verlag",
  pages = 	 "271 --286"
}		  		  

@InProceedings{Pientka05,
  author =       "Brigitte Pientka",
  title =        "Tabling for higher-order logic programming",
  editor =       "R. Nieuwenhuis",
  booktitle =    "20th International Conference on Automated Deduction, Talinn, Estonia",
  series =       "Lecture Notes in Computer Science (LNCS) (to appear)",
  year =         2005,
  publisher    = "Springer-Verlag",
}

@Article{RamakrishnanJLP99,
  author = 	"I.~V.\ Ramakrishnan and P. Rao and K. Sagonas and T. Swift and D. Warren",
  title = 	"Efficient Access Mechanisms for Tabled Logic Programs",
  journal = 	"Journal of Logic Programming",
  year = 	"1999",
  volume = 	"38",
  number = 	"1",
  pages = 	"31--54",
  OPTnote = 	"",
  month =       "Jan",   		  
  keywords =    "SLG, WAM, memoing, prolog, tabling"
}		  

		  
@inproceedings{Ramakrishnan95efficient,
    author = "I.V Ramakrishnan and P. Rao and K. Sagonas and T. Swift and D. Warren",
    title = "Efficient tabling mechanisms for logic programs",
    booktitle =  "Proceedings of the Twelth International Conference on
		  Logic Programming",
  editor = 	 "L.~.Sterling" ,
  year = 	 1995,
  publisher = "MIT Press",
  pages = 	 "697--711"
}
		  

@InCollection{Ramakrishnan01:indexing,
  author = 	 "I.~V. Ramakrishnan and R. Sekar and A. Voronkov",
  title = 	 "Term Indexing",
  OPTcrossref =  "",
  OPTkey = 	 "",
  booktitle =	 "Handbook of Automated Reasoning",
  publisher =    "Elsevier Science Publishers B.V.",
  year =	 "2001",
  editor = 	 "Alan Robinson and Andrei Voronkov",
  volume = 	 "2",
  OPTnumber = 	 "",
  OPTseries = 	 "",
  OPTtype = 	 "",
  OPTchapter = 	 "",
  pages =	 "1853-1962",
  OPTaddress = 	 "",
  OPTedition = 	 "",
  OPTmonth = 	 "",
  OPTannote = 	 "",
  keywords =     "tries, discrimination trees, adaptive automata"
}

@InProceedings{Reed04lfm,
  title        = "{Redundancy Elimination for LF}",
  author       = "Jason Reed",
  booktitle    = "Proceedings of the Fourth Workshop on Logical Frameworks and Meta-languages 
                  --- LFM'04",
  editor       = "Carsten Schuermann",
  address      = "Cork, Ireland",
  year         = 2004,
  month        = "5 July"
}
		  
@inproceedings{Appel:PPDP03,
 author = {Dinghao Wu and Andrew W. Appel and Aaron Stump},
 title = {Foundational proof checkers with small witnesses},
 booktitle = {PPDP '03: Proceedings of the 5th ACM SIGPLAN international conference on Principles and practice of declaritive programming},
 year = {2003},
 isbn = {1-58113-705-2},
 pages = {264--274},
 location = {Uppsala, Sweden},
 doi = {http://doi.acm.org/10.1145/888251.888276},
 publisher = {ACM Press},
 }

@inproceedings{davies+:intersection,
 author = "Rowan Davies and Frank Pfenning",
 title = "Intersection Types and Computational Effects",
 booktitle = "Proceedings of the Fifth International Conference on Functional Programming",
 year = 2000,
 pages = "198--208",
 editor = "P. Wadler",
 publisher = "ACM Press",
}

@inproceedings{chen+:fpcc-ltal,
 author = "Juan Chen and Dinghao Wu and Andrew W. Appel and Hai Fang",
 title = "A Provably Sound {TAL} for Back-End Optimization",
 booktitle = "PLDI '03 : Proceedings of the ACM SIGPLAN 2003 Conference on Programming Language Design and Implementation",
 year = 2003,
 month = jun,
 pages = "208--219",
 publisher = "ACM Press",
 location = "San Diego, California, USA",
}

@article{cervesato+:spine,
  author = "Iliano Cervesato and Frank Pfenning",
  title = "A Linear Spine Calculus",
  journal = "Journal of Logic and Computation",
  year = 2003,
  volume = 13,
  number = 5,
  pages = "639--688"
}

